@book{nigel:csharp,
	author		= {{Nigel, Christian}},
	title		= {Professional \csharp{} and .NET 4},
	publisher	= {Wiley-Publishing},
	year		= {2010},
	isbn		= {978-0-470-50225-9},
	hyphenation	= {english}
}

@book{prata:cprimer,
	author		= {{Prata, Stephen}},
	title		= {\cpp{} Primer Plus},
	publisher	= {Addison-Wesley},
	year		= {2011},
	edition		= {6},
	isbn		= {0-321-77640-2},
	hyphenation	= {english}
}

@online{various:qtdoc,
	author		= {{Qt-Project}},
	title		= {Qt 5 Online Reference Documentation},
	year		= {2012},
	url			= {http://qt-project.org/doc/qt-5.0/},
	hyphenation	= {english},
	urldate		= {2013-01-14}
}

@online{various:qtwiki,
	author		= {{Qt-Project}},
	title		= {Qt Online Wikipedia},
	year		= {2012},
	url			= {http://qt-project.org/wiki/},
	hyphenation	= {english},
	urldate		= {2013-01-14}
}

@online{arch:aur,
	author		= {{Archlinux Project}},
	title		= {Arch Packaging Standards},
	year		= {2013},
	url			= {https://wiki.archlinux.org/index.php/Arch_Packaging_Standards},
	hyphenation	= {english},
	urldate		= {2013-01-14}
}

@online{various:qtgit,
	author		= {{Qt-Project}},
	title		= {Public Qt Git Repository},
	year		= {2013},
	url			= {http://qt.gitorious.org/},
	hyphenation	= {english},
	urldate		= {2013-05-10}
}


@online{various:qthome,
	author		= {{Qt-Project}},
	title		= {Qt-Project Web},
	year		= {2013},
	url			= {http://qt-project.org/},
	hyphenation	= {english},
	urldate		= {2013-03-27}
}

@online{various:skype,
	author		= {{Microsoft}},
	title		= {Skype},
	year		= {2013},
	url			= {http://www.skype.com/},
	hyphenation	= {english},
	urldate		= {2013-03-27}
}

@online{various:clang,
	author		= {{Wikipedia}},
	title		= {Clang},
	year		= {2013},
	url			= {http://en.wikipedia.org/wiki/Clang},
	hyphenation	= {english},
	urldate		= {2013-04-11}
}

@online{various:muparserx,
	author		= {{Berg, Ingo}},
	title		= {muParserX library},
	year		= {2013},
	url			= {http://code.google.com/p/muparserx},
	hyphenation	= {english},
	urldate		= {2013-04-11}
}

@online{various:ecomstation,
	author		= {{Wikipedia}},
	title		= {eComStation operating system},
	year		= {2013},
	url			= {http://en.wikipedia.org/wiki/EComStation},
	hyphenation	= {english},
	urldate		= {2013-04-11}
}

@online{various:qtwikip,
	author		= {{Wikipedia}},
	title		= {Qt Framework History},
	year		= {2013},
	url			= {http://en.wikipedia.org/wiki/Qt_(framework)},
	hyphenation	= {english},
	urldate		= {2013-03-26}
}

@online{various:kde,
	author		= {{KDE}},
	title		= {KDE Project Webp},
	year		= {2013},
	url			= {http://www.kde.org/},
	hyphenation	= {english},
	urldate		= {2013-03-26}
}


@techreport{various:cppstandard,
    author		= {{Du Toit, Stefanus}},
    title		= {Working Draft N3337, Standard for Programming Language},
    institution	= {International Organization for Standardization/International Electrotechnical Commission},
    date		= {2012-01-16},
    hyphenation = {english}
}

@online{stallman:gnugpl,
	author		= {{Stallman, Richard M.}},
	title		= {GNU General Public License},
	version		= {3},
	organization= {Free Software Foundation},
	year		= {2007},
	url			= {http://www.gnu.org/copyleft/gpl.html},
	urldate		= {2012-08-29},
	hyphenation	= {english}
}

@online{various:qtchanges,
	author		= {{Qt-Project}},
	title		= {Qt 5 Developer Changelog},
	version		= {d4a29a5},
	organization= {Qt-Project},
	year		= {2012},
	url			= {http://qt.gitorious.org/qt/qtbase/blobs/HEAD/dist/changes-5.0.0},
	urldate		= {2013-01-21},
	hyphenation	= {english}
}

@online{various:svn,
	author		= {{The Apache Software Foundation}},
	title		= {Subversion},
	year		= {2012},
	url			= {http://subversion.apache.org/},
	urldate		= {2013-04-11},
	hyphenation	= {english}
}


@online{various:git,
	author		= {{Torvalds, Linus}},
	title		= {Git},
	year		= {2013},
	url			= {http://git-scm.com/},
	urldate		= {2013-04-11},
	hyphenation	= {english}
}

@online{various:cmake,
	author		= {{Kitware}},
	title		= {CMake},
	year		= {2013},
	url			= {http://www.cmake.org/},
	urldate		= {2013-04-11},
	hyphenation	= {english}
}


@book{mcconnell:codecomplete,
	author		= {{McConnell, Steve C.}},
	title		= {Code Complete: A Practical Handbook of Software Construction},
	edition		= {2nd edition,},
	publisher	= {Microsoft Press},
	year		= {2004},
	isbn		= {0-7356-1967-0}
}